<?xml version="1.0" encoding="UTF-8"?><collection xmlns="http://www.loc.gov/MARC21/slim"><record><leader>00367nam--2200121-i-4500</leader><controlfield tag="001">000048242</controlfield><controlfield tag="002">20161230</controlfield><controlfield tag="005">20161230201046</controlfield><controlfield tag="008">060222s1000------------r-----000-0-eng-d</controlfield><datafield ind1=" " ind2=" " tag="080"><subfield code="a">621.37</subfield></datafield><datafield ind1=" " ind2=" " tag="245"><subfield code="a">Special technical conference on nonlinear magnetics and magnetic amplifiers</subfield></datafield><datafield ind1=" " ind2=" " tag="260"><subfield code="a">New York, American Institute Of Electrical Engineers, 1959, 383p</subfield></datafield><datafield ind1=" " ind2=" " tag="852"><subfield code="a">30360</subfield></datafield></record></collection>